@article{Pipino2002DataQuality,
  title={Data quality assessment},
  author={Pipino, Leo L. and Lee, Yang W. and Wang, Richard Y.},
  journal={Communications of the ACM},
  volume={45},
  number={4},
  pages={211--218},
  year={2002}
}

@book{Taylor1997ErrorAnalysis,
  title={An Introduction to Error Analysis: The Study of Uncertainties in Physical Measurements},
  author={Taylor, John R.},
  year={1997},
  publisher={University Science Books}
}

@article{Greenland2016StatisticalMisinterpretations,
  title={Statistical Tests, P values, Confidence Intervals, and Power: A Guide to Misinterpretations},
  author={Greenland, Sander and Senn, Stephen and Rothman, Kenneth and Carlin, John and Poole, Charles and Goodman, Steven and Altman, Douglas},
  journal={European Journal of Epidemiology},
  volume={31},
  number={4},
  pages={337--350},
  year={2016},
  doi={10.1007/s10654-016-0149-3}
}
